/Users/maximiliandore/Documents/articles/meta/bibliography.bib